%% This BibTeX bibliography file was created using BibDesk.
%% http://bibdesk.sourceforge.net/

%% Created for Manju Johny at 2016-05-01 18:27:13 -0500 


%% Saved with string encoding Unicode (UTF-8) 



@article{Jeg,
	Author = {C. Jeganathan, J. Dash, P.M. Atkinson},
	Date-Added = {2016-05-01 23:25:02 +0000},
	Date-Modified = {2016-05-01 23:26:22 +0000},
	Journal = {International Journal of Remote Sensing},
	Number = {22},
	Pages = {5777-5796},
	Title = {Mapping the phenology of natural vegetation in India using a remote sensing-derived chlorophyll index},
	Volume = {31},
	Year = {2010}}

@article{dash,
	Author = {J. Dash*, C. Jeganathan, P.M. Atkinson},
	Date-Added = {2016-05-01 23:23:26 +0000},
	Date-Modified = {2016-05-01 23:24:39 +0000},
	Journal = {Remote Sensing of Environment},
	Pages = {1388-1402},
	Read = {0},
	Title = {The use of MERIS Terrestrial Chlorophyll Index to study spatio-temporal variation in vegetation phenology over India},
	Volume = {114},
	Year = {2010}}
